<record><leader>00000cas a22000007a 4500</leader><controlfield tag="001">9840159</controlfield><controlfield tag="008">830824d19211931ksuwr ne      0    0eng d</controlfield><controlfield tag="009">3789</controlfield><datafield ind1=" " ind2=" " tag="010"><subfield code="a">sn 83040646 </subfield></datafield><datafield ind1=" " ind2=" " tag="040"><subfield code="a">KSH</subfield><subfield code="b">eng</subfield><subfield code="c">KSH</subfield><subfield code="d">NPT</subfield></datafield><datafield ind1="1" ind2=" " tag="029"><subfield code="a">AU@</subfield><subfield code="b">000025800949</subfield></datafield><datafield ind1=" " ind2=" " tag="042"><subfield code="a">msc</subfield></datafield><datafield ind1=" " ind2=" " tag="043"><subfield code="a">n-us-ks</subfield></datafield><datafield ind1="0" ind2=" " tag="130"><subfield code="a">Ledger (Potwin, Kan.)</subfield></datafield><datafield ind1="0" ind2="4" tag="245"><subfield code="a">The ledger.</subfield></datafield><datafield ind1=" " ind2=" " tag="260"><subfield code="a">Potwin, Kan. :</subfield><subfield code="b">[J.D. Burton],</subfield><subfield code="c">1921-</subfield></datafield><datafield ind1=" " ind2=" " tag="300"><subfield code="a">v. :</subfield><subfield code="b">ill. ;</subfield><subfield code="c">55 cm.</subfield></datafield><datafield ind1=" " ind2=" " tag="310"><subfield code="a">Weekly</subfield></datafield><datafield ind1="0" ind2=" " tag="362"><subfield code="a">Vol. 6, no. 39 (Sept. 22, 1921)-</subfield></datafield><datafield ind1="1" ind2=" " tag="362"><subfield code="a">Ceased in Dec. 1931.</subfield></datafield><datafield ind1=" " ind2=" " tag="500"><subfield code="a">Published on Thursday.</subfield></datafield><datafield ind1=" " ind2=" " tag="500"><subfield code="a">Editor: J.D. Burton.</subfield></datafield><datafield ind1="1" ind2=" " tag="700"><subfield code="a">Burton, J. D.</subfield></datafield><datafield ind1=" " ind2=" " tag="752"><subfield code="a">United States</subfield><subfield code="b">Kansas</subfield><subfield code="c">Butler</subfield><subfield code="d">Potwin.</subfield></datafield><datafield ind1="0" ind2="0" tag="780"><subfield code="t">Potwin ledger (Potwin, Kan. : 1915)</subfield><subfield code="w">(DLC)sn 83040508</subfield></datafield><datafield ind1="0" ind2="8" tag="785"><subfield code="t">Potwin ledger (1931)</subfield><subfield code="w">(DLC)sn 83040647</subfield></datafield></record>